%% This BibTeX bibliography file was created using BibDesk.
%% https://bibdesk.sourceforge.io/

%% Created for Karl at 2021-05-15 00:23:31 +0800 


%% Saved with string encoding Unicode (UTF-8) 



@article{lars,
	author = {Bradley Efron and Trevor Hastie and Iain Johnstone and Robert Tibshirani},
	doi = {10.1214/009053604000000067},
	journal = {The Annals of Statistics},
	keywords = {boosting, coefficient paths, Lasso, Linear regression, Variable selection},
	number = {2},
	pages = {407 -- 499},
	publisher = {Institute of Mathematical Statistics},
	title = {{Least angle regression}},
	url = {https://doi.org/10.1214/009053604000000067},
	volume = {32},
	year = {2004},
	Bdsk-Url-1 = {https://doi.org/10.1214/009053604000000067}}

@article{benchmark,
	author = {Karmitsa, Napsu and Miettinen, K. and Makela, Marko},
	date-modified = {2021-04-27 15:54:26 +0800},
	doi = {10.1080/10556780410001689225},
	journal = {Optimization Methods and Software - OPTIM METHOD SOFTW},
	month = {12},
	pages = {673-692},
	title = {New limited memory bundle method for large-scale nonsmooth optimization},
	volume = {19},
	year = {2004},
	Bdsk-Url-1 = {https://doi.org/10.1080/10556780410001689225}}

@article{dfols,
	author = {C. Cartis and  J. Fiala and  B. Marteau  and L. Roberts},
	date-added = {2021-04-06 14:49:05 +0800},
	date-modified = {2021-05-15 00:21:08 +0800},
	journal = {ACM Transactions on Mathematical Software},
	pages = {32:1-32:41},
	title = {Improving the Flexibility and Robustness of Model-Based Derivative-Free Optimization Solvers},
	volume = {45:3},
	year = {2019}}

@article{manifold,
	author = {J. Larson. and M. Menickelly. and  Baoyu Zhou},
	date-added = {2020-12-07 21:30:09 +0800},
	date-modified = {2021-05-15 00:19:48 +0800},
	journal = {https://arxiv.org/abs/2011.01283},
	title = {Manifold Sampling for Optimizing Nonsmooth Nonconvex Compositions},
	year = {2020}}

@article{grasam2,
	author = {J. V. Burke. and  A. S. Lewis and M. L. Overton},
	date-added = {2020-12-07 21:25:57 +0800},
	date-modified = {2021-05-15 00:23:00 +0800},
	journal = {Mathematics of Operations Research},
	title = {Approximating subdifferentials by ran- dom sampling of gradients},
	year = {2002}}

@article{grasam1,
	author = {J. V. Burke.  and F. E. Curtis.  and A. S. Lewis. and  M. L. Overton and L. E. A. Simo ̃es},
	date-added = {2020-12-07 21:24:36 +0800},
	date-modified = {2021-05-15 00:22:32 +0800},
	journal = {Numerical Nonsmooth Optimization},
	title = {Gradient sampling methods for nonsmooth optimization},
	year = {2020}}

@article{manifoldl1,
	author = {J. Larson. and M. Menickelly and S. M. Wild},
	date-added = {2020-12-07 21:07:37 +0800},
	date-modified = {2021-05-15 00:20:04 +0800},
	journal = {SIAM Journal on Optimization, 26},
	title = {Manifold sampling for l1 nonconvex optimization},
	year = {2016}}

@article{manifoldpiecewiselinear,
	author = {K. A. Khan. and  J. Larson and S. M. Wild},
	date-added = {2020-12-07 21:04:57 +0800},
	date-modified = {2021-05-15 00:19:55 +0800},
	journal = {SIAM Journal on Optimization 28},
	title = {Manifold sampling for optimization of nonconvex functions that are piecewise linear compositions of smooth components},
	year = {2018}}

@article{comp44,
	author = {M. Menickelly and S. M. Wild},
	date-added = {2020-12-07 20:17:43 +0800},
	date-modified = {2020-12-07 20:18:29 +0800},
	journal = {Mathematical Programming, 179},
	title = {Derivative-free robust optimization by outer approximations},
	year = {2020}}

@article{comp55,
	author = {S. M. Wild},
	date-added = {2020-12-07 19:36:17 +0800},
	date-modified = {2020-12-07 19:37:00 +0800},
	journal = {SIAM},
	title = {Solving derivative-free nonlinear least squares problems with POUNDERS, in Advances and Trends in Optimization with Engineering Applications},
	year = {2017}}

@article{comp56,
	author = {R. Womersley and R. Fletcher},
	date-added = {2020-12-07 19:34:09 +0800},
	date-modified = {2020-12-07 19:35:09 +0800},
	journal = {Journal of Optimization Theory and Applications},
	title = {An algorithm for composite nonsmooth optimiza- tion problems},
	year = {1986}}

@article{comp22,
	author = {R. Fletcher},
	date-added = {2020-12-07 19:32:53 +0800},
	date-modified = {2020-12-07 19:33:44 +0800},
	journal = {Numerical Analysis, Springer},
	title = {Second order corrections for non-differentiable optimization},
	year = {1982}}

@article{comp21,
	author = {R. Fletcher},
	date-added = {2020-12-07 19:31:42 +0800},
	date-modified = {2020-12-07 19:32:37 +0800},
	journal = {D. C. Sorensen and R. J.-B. Wets, eds., vol. 17 of Math- ematical Programming Studies, Springer},
	title = {A model algorithm for composite nondifferentiable optimization problems, in Nondifferential and Variational Techniques in Optimization},
	year = {1982}}

@article{bundlefree2,
	author = {Liuzzi, G. and Lucidi, S. and Rinaldi, F. and Vicente, L.N. },
	date-added = {2020-12-07 19:20:02 +0800},
	date-modified = {2021-05-15 00:12:31 +0800},
	journal = {SIAM Journal on Optimization 29},
	title = {Trust-region methods for the derivative-free optimization of nonsmooth black-box functions},
	year = {2019}}

@article{bundlefree1,
	author = {N. Karmitsa and A. M. Bagirov},
	date-added = {2020-12-07 19:18:48 +0800},
	date-modified = {2020-12-07 19:19:57 +0800},
	journal = {Optimization, 61},
	title = {Limited memory discrete gradient bundle method for nonsmooth derivative-free optimization},
	year = {2012}}

@article{bundle3,
	author = {W. L. Hare. and  C. Sagastiza ́bal and M. Solodov},
	date-added = {2020-12-07 19:11:03 +0800},
	date-modified = {2021-05-15 00:23:22 +0800},
	journal = {Computational Optimization and Applications, 63},
	title = {A proximal bundle method for nonsmooth nonconvex functions with inexact information},
	year = {2016}}

@article{bundle2,
	author = {W. L. Hare and C. Sagastiza ́bal},
	date-added = {2020-12-07 19:03:21 +0800},
	date-modified = {2020-12-07 19:25:48 +0800},
	journal = {SIAM Journal on Optimization},
	title = {A redistributed proximal bundle method for nonconvex optimization},
	year = {2010}}

@article{subgra2,
	author = {A. M. Bagirov.  and L. Jin.  and N. Karmitsa. and  A. A. Nuaimat and N. Sultanova},
	date-added = {2020-12-07 19:00:38 +0800},
	date-modified = {2021-05-15 00:13:44 +0800},
	journal = {Journal of Optimization Theory and Applications, 157},
	title = {Subgradient method for nonconvex nonsmooth optimization},
	year = {2013}}

@article{subgra3,
	author = {A. M. Bagirov and A. N. Ganjehlou},
	date-added = {2020-12-07 19:00:05 +0800},
	date-modified = {2020-12-07 19:03:17 +0800},
	journal = {nonconvex optimization, Mathematical Methods of Operations Research, 67},
	title = {An approximate subgradient algorithm for unconstrained nonsmooth},
	year = {2008}}

@article{bundle,
	author = {M. Makela},
	date-added = {2020-12-07 18:57:17 +0800},
	date-modified = {2021-05-15 00:13:20 +0800},
	journal = {Optimization Methods and Software},
	title = {Survey of bundle methods for nonsmooth optimization},
	year = {2002}}

@article{proximalauglag,
	author = {Neil K. and Dhingra. Sei  and Zhen Khong and Mihailo R. Jovanovic},
	date-added = {2020-12-07 16:55:22 +0800},
	date-modified = {2021-05-15 00:13:09 +0800},
	journal = {https://arxiv.org/pdf/1610.04514.pdf},
	title = {The proximal augmented Lagrangian method for nonsmooth composite optimization},
	year = {2016}}

@article{MM,
	author = {D. P. Bertsekas},
	date-added = {2020-12-07 16:51:13 +0800},
	date-modified = {2020-12-07 16:51:49 +0800},
	journal = {New York Academic Press},
	title = {Constrained optimization and Lagrange multiplier methods},
	year = {1982}}

@article{ADMM,
	author = {S. Boyd. and  N. Parikh.  and E. Chu. and  B. Peleato and J. Eckstein},
	date-added = {2020-12-07 16:34:53 +0800},
	date-modified = {2021-05-15 00:22:16 +0800},
	journal = {Found. Trends Mach. Learning},
	title = {Distributed optimization and statistical learning via the alternating direction method of multipliers},
	year = {2011}}

@article{accproximal,
	author = {A. Beck.  and M. Teboulle},
	date-added = {2020-12-07 16:26:11 +0800},
	date-modified = {2021-05-15 00:23:31 +0800},
	journal = {SIAM J. Imaging Sci},
	title = {A fast iterative shrinkage-thresholding algorithm for linear inverse problems},
	year = {2009}}

@article{proximal,
	author = {N. Parikh. and S. Boyd},
	date-added = {2020-12-07 16:24:24 +0800},
	date-modified = {2021-05-15 00:17:27 +0800},
	journal = {Foundations and Trends in Optimization},
	title = {Proximal Algorithms},
	year = {2013}}

@article{phaseretrieval,
	author = {John C. Duchi.  and Feng Ruan},
	date-added = {2020-12-07 11:02:45 +0800},
	date-modified = {2021-05-15 00:13:51 +0800},
	journal = {https://arxiv.org/abs/1705.02356},
	title = {Solving (most) of a set of quadratic equalities: Composite optimization for robust phase retrieval},
	year = {2017}}

@article{lowcomplexity,
	author = {Xiaowei Zhou. and Can Yang. and Hongyu Zhao. and Weichuan Yu},
	date-added = {2020-12-07 10:52:26 +0800},
	date-modified = {2021-05-15 00:20:19 +0800},
	journal = {ACM Computing Surveys 47},
	title = {Low-Rank Modeling and Its Applications in Image Analysis},
	year = {2014}}

@article{distributedcontrol,
	author = {R Arastoo},
	date-added = {2020-12-07 10:32:13 +0800},
	date-modified = {2020-12-07 10:33:05 +0800},
	journal = {https://arxiv.org/pdf/1412.8236.pdf},
	title = {Optimal Sparse Output Feedback Controller Design: A Rank Constrained Optimization Approach},
	year = {2014}}

@article{Lagrange,
	author = {V. Jeyakumar and XQ Yang},
	date-added = {2020-12-06 23:52:46 +0800},
	date-modified = {2021-05-15 00:22:49 +0800},
	journal = {Math Program 59},
	title = {Convex composite multi- objective nonsmooth programming},
	year = {1993}}

@article{ElasticNet,
	author = {Hui Zou and Hastie Trevor},
	date-added = {2020-12-06 00:15:28 +0800},
	date-modified = {2021-05-15 00:15:12 +0800},
	journal = {Journal of the Royal Statistical Society, Series B. 67},
	title = {Regularization and Variable Selection via the Elastic Net},
	year = {2005}}

@article{Lasso,
	author = {Robert Tibshirani},
	date-added = {2020-12-06 00:08:19 +0800},
	date-modified = {2020-12-06 00:13:07 +0800},
	journal = {Journal of the Royal Statistical Society. Series B (methodological) 58},
	title = {Regression Shrinkage and Selection via the lasso},
	year = {1996}}

@book{PRML,
	author = {Christopher Bishop},
	date-added = {2020-12-05 20:44:43 +0800},
	date-modified = {2021-05-15 00:17:46 +0800},
	publisher = {Springer-Verlag, Berlin, Heidelberg},
	title = {Pattern Recognition and Machine Learning},
	volume = {198},
	year = {2006}}

@article{CharalambousC,
	author = {C, Charalambous},
	date-added = {2020-12-05 20:33:45 +0800},
	date-modified = {2020-12-08 13:04:10 +0800},
	journal = {Math Program},
	title = {Acceleration of the least pth- algorithm for minimax optimization with engineering applications},
	year = {1979}}

@article{NonlinearEqLp,
	author = {Andre A. Keller},
	date-added = {2020-12-05 20:25:54 +0800},
	date-modified = {2020-12-05 20:27:40 +0800},
	journal = {WSEAS TRANSACTIONS on MATHEMATICS},
	title = {lp-Norm Minimization Method for Solving Nonlinear Systems of Equations},
	year = {2014}}

@article{NonlinearEqLInfty,
	author = {Wajeb Gharibi},
	date-added = {2020-12-05 20:21:58 +0800},
	date-modified = {2020-12-05 20:30:14 +0800},
	journal = {https://arxiv.org/pdf/1106.0851.pdf},
	title = {A Dual Approach for Solving Nonlinear Infinite-Norm Minimization Problems with Applications in Separable Cases},
	year = {2011}}

@article{IoffeAD1979,
	author = {A.D. Ioffe},
	date-added = {2020-12-05 18:33:36 +0800},
	date-modified = {2021-05-15 00:19:19 +0800},
	journal = {SIAM J Control Optim 17:245-250},
	title = {Necessary and sufficient conditions for a local minimum, 1: A reduction theorem and first-order con- ditions},
	year = {1979}}

@article{BerkeJV1987,
	author = {J. V.  Berke},
	date-added = {2020-12-05 18:30:45 +0800},
	date-modified = {2021-05-15 00:14:57 +0800},
	journal = {Math Program 38:287-302},
	title = {Second-order necessary and sufficient con- ditions for convex composite NDO.},
	year = {1987}}
